<?xml version="1.0" encoding="UTF-8"?><collection xmlns="http://www.loc.gov/MARC21/slim"><record><leader>00533nam--2200181-i-4500</leader><controlfield tag="001">000008884</controlfield><controlfield tag="002">20161230</controlfield><controlfield tag="005">20170116235007</controlfield><controlfield tag="008">060222s1000------------r-----000-0-eng-d</controlfield><datafield ind1=" " ind2=" " tag="080"><subfield code="a">541.28</subfield></datafield><datafield ind1=" " ind2=" " tag="100"><subfield code="a">Acena, Miguel Luis</subfield></datafield><datafield ind1=" " ind2=" " tag="245"><subfield code="a">Dosage de traces de plutonium - 236 dans le plutonium - 238 par spectrometrie alfa</subfield></datafield><datafield ind1=" " ind2=" " tag="260"><subfield code="a">Saclay</subfield><subfield code="b">Service Central De Documentation Du C.E.A</subfield><subfield code="c">1969</subfield></datafield><datafield ind1=" " ind2=" " tag="300"><subfield code="a">23 p. + 5 Tablete + 3 Figuri</subfield></datafield><datafield ind1=" " ind2=" " tag="490"><subfield code="a">3773</subfield></datafield><datafield ind1=" " ind2=" " tag="700"><subfield code="a">Berger, Rene</subfield></datafield><datafield ind1=" " ind2=" " tag="852"><subfield code="a">13455</subfield></datafield><datafield ind1=" " ind2=" " tag="CAT"><subfield code="a">SYS</subfield><subfield code="c">20170116</subfield><subfield code="h">235007</subfield></datafield></record></collection>